@misc{swingDoc,
  key = {swing},
  title = {Swing},
  note = {\url{https://docs.oracle.com/javase/tutorial/uiswing/index.html}}
}
@misc{filRouge,
  key = {filrouge},
  title = {Fil rouge},
  note = {\url{https://openclassrooms.com/fr/courses/26832-apprenez-a-programmer-en-java}}
}

@misc{collisions,
  key = {collisions},
  title = {Collision},
  note = {\url{https://openclassrooms.com/fr/courses/1374826-theorie-des-collisions}}
}